@article{Abadi2016TensorFlowLM,
  title   = {TensorFlow: Large-Scale Machine Learning on Heterogeneous Distributed Systems},
  author  = {Mart{\'i}n Abadi and Ashish Agarwal and Paul Barham and Eugene Brevdo and Z. Chen and Craig Citro and Gregory S. Corrado and Andy Davis and Jeffrey Dean and Matthieu Devin and Sanjay Ghemawat and Ian J. Goodfellow and Andrew Harp and Geoffrey Irving and Michael Isard and Yangqing Jia and Rafal J{\'o}zefowicz and Lukasz Kaiser and Manjunath Kudlur and Josh Levenberg and Dandelion Man{\'e} and Rajat Monga and Sherry Moore and Derek Gordon Murray and Christopher Olah and Mike Schuster and Jonathon Shlens and Benoit Steiner and Ilya Sutskever and Kunal Talwar and Paul A. Tucker and Vincent Vanhoucke and Vijay Vasudevan and Fernanda B. Vi{\'e}gas and Oriol Vinyals and Pete Warden and Martin Wattenberg and Martin Wicke and Yuan Yu and Xiaoqiang Zheng},
  journal = {ArXiv},
  year    = {2016},
  volume  = {abs/1603.04467},
  url     = {https://api.semanticscholar.org/CorpusID:5707386}
}

@online{blob_audio_js,
  author = {Mozilla Developer Network (MDN) contributors},
  title  = {Using Blob Objects with Audio Data and Audio Tags in JavaScript},
  year   = {2024},
  url    = {https://developer.mozilla.org/en-US/docs/Web/API/Blob},
  note   = {Accessed: 2024-05-18}
}

@article{Bosi2004IntroductionTD,
  title   = {Introduction to Digital Audio Coding and Standards},
  author  = {Marina Bosi and Richard E. Goldberg and Joan L. Mitchell},
  journal = {J. Electronic Imaging},
  year    = {2004},
  volume  = {13},
  pages   = {83},
  url     = {https://api.semanticscholar.org/CorpusID:8313468}
}

@book{christensen2019introduction,
  title     = {Introduction to Audio Processing},
  author    = {Christensen, M.G.},
  isbn      = {9783030117825},
  url       = {https://books.google.ch/books?id=46OfzQEACAAJ},
  year      = {2019},
  publisher = {Springer}
}

@article{Driedger2016ARO,
  title   = {A Review of Time-Scale Modification of Music Signals †},
  author  = {Jonathan Driedger and Meinard M{\"u}ller},
  journal = {Applied Sciences},
  year    = {2016},
  volume  = {6},
  pages   = {57},
  url     = {https://api.semanticscholar.org/CorpusID:14148964}
}

@book{frey2013signal,
  title     = {Signal- und Systemtheorie},
  author    = {Frey, T. and Fliege, N. and Bossert, M.},
  isbn      = {9783322967275},
  series    = {Informationstechnik},
  url       = {https://books.google.ch/books?id=_zoFBgAAQBAJ},
  year      = {2013},
  publisher = {Vieweg+Teubner Verlag}
}

@book{itsp2022,
  title   = {Introduction to Speech Processing},
  edition = 2,
  year    = 2022,
  author  = {Tom Bäckström and Okko Räsänen and Abraham Zewoudie and Pablo Pérez Zarazaga and Liisa Koivusalo and Sneha Das and Esteban Gómez Mellado and Marieum Bouafif Mansali and Daniel Ramos and Sudarsana Kadiri and Paavo Alku},
  url     = {https://speechprocessingbook.aalto.fi},
  doi     = {10.5281/zenodo.6821775}
}

@inproceedings{Lazzarini2019ComputerMI,
  title     = {Computer Music Instruments II},
  author    = {Victor Lazzarini},
  booktitle = {Cambridge International Law Journal},
  year      = {2019},
  url       = {https://api.semanticscholar.org/CorpusID:85542603}
}

@online{mdn_web_audio_api,
  author = {{Mozilla Developer Network (MDN) contributors}},
  title  = {Web Audio API},
  year   = {2022},
  url    = {https://developer.mozilla.org/en-US/docs/Web/API/Web_Audio_API},
  note   = {Accessed: 2024-05-18}
}

@online{mdn_web_workers,
  author = {{Mozilla Developer Network (MDN) contributors}},
  title = {Web Workers API},
  year = {2023},
  url = {https://developer.mozilla.org/en-US/docs/Web/API/Web_Workers_API},
  note = {Accessed: 2024-05-30}
}

@book{microsoft_wavefile,
  author    = {IBM Corporation and Microsoft Corporation},
  title     = {Multimedia Programming Interface and Data Specifications 1.0},
  year      = {1991},
  publisher = {Microsoft Press},
  address   = {Redmond, WA},
  url       = {https://www-mmsp.ece.mcgill.ca/Documents/AudioFormats/WAVE/Docs/riffmci.pdf}
}

@online{react,
  author = {{React contributors}},
  title  = {React},
  year   = {2022},
  url    = {https://reactjs.org/},
  note   = {Accessed: 2024-05-18}
}

@online{tailwind_css,
  author = {Tailwind Labs},
  title  = {Tailwind CSS},
  year   = {2022},
  url    = {https://tailwindcss.com/},
  note   = {Accessed: 2024-05-18}
}

@online{typescript,
  author = {{TypeScript contributors}},
  title  = {TypeScript},
  year   = {2022},
  url    = {https://www.typescriptlang.org/},
  note   = {Accessed: 2024-05-18}
}

@misc{wavefilejs,
  author = {Rafael Alves},
  title  = {WaveFile.js: A JavaScript library for WAV files manipulation},
  year   = {2020},
  url    = {https://github.com/rochars/wavefile},
  note   = {Accessed: 2024-05-18}
}

@book{werner2018digitale,
  title     = {Digitale Signalverarbeitung mit MATLAB®},
  author    = {Werner, Martin},
  year      = {2009},
  publisher = {Springer Vieweg},
  isbn      = {978-3-658-21724-8},
  url       = {https://link.springer.com/book/10.1007/978-3-8348-9243-0}
}

@article{Cooley1965AnAF,
  title={An algorithm for the machine calculation of complex Fourier series},
  author={James W. Cooley and John W. Tukey},
  journal={Mathematics of Computation},
  year={1965},
  volume={19},
  pages={297-301},
  url={https://api.semanticscholar.org/CorpusID:121744946}
}